


@book{miessler2014,
  title={Inorganic Chemistry, 5th Edition},
  author={Miessler, G.~L. and Fischer, P.~J. and Tarr, D.~A.},
  year={2014},
  publisher={Pearson}
}


